@online{site:unox_sito,
    title = {Unox},
    url = {https://www.unox.com/it_it/}
}

@online{site:monorepomigration,
    title = {Migrating to a Monorepo Using NPM 7 Workspaces},
    url = {https://medium.com/edgybees-blog/how-to-move-from-an-existing-repository-to-a-monorepo-using-npm-7-workspaces-27012a100269}
}

@online{site:reactnativecookieauth,
    title = {React Native Cookie Authentication},
    url = {https://javascript.plainenglish.io/react-native-cookie-authentication-83ef6e84ba70}
}

@online{site:peerdep,
    title = {Peer Dependencies},
    url = {https://blog.bitsrc.io/understanding-peer-dependencies-in-javascript-dbdb4ab5a7be}
}


@online{site:solito,
    title = {Solito},
    url = {https://solito.dev}
}
@online{site:moti,
    title = {Moti},
    url = {https://moti.fyi/starter}
}
@online{site:dripsy,
    title = {Dripsy},
    url = {https://www.dripsy.xyz}
}
@online{site:rtkquerycodegen,
    title = {Integrating Graphql with Redux toolkit and RTK-query},
    url = {https://lashanfaliq.medium.com/integrating-graphql-with-redux-toolkit-and-rtk-query-cc8040f92bd}
}

